@book{laufer_sino-iranica_1919,
  title = {Sino-{{Iranica}}: {{Chinese Contributions}} to the {{History}} of {{Civilization}} in {{Ancient Iran}}, {{With Special Reference}} to the {{History}} of {{Cultivated Plants}} and {{Products}}},
  shorttitle = {Sino-{{Iranica}}},
  author = {Laufer, Berthold},
  date = {1919},
  series = {Anthropological {{Series}}},
  volume = {3},
  number = {XV},
  publisher = {{Field Museum of Natural History}},
  location = {{Chicago}},
  keywords = {Ancient,China,Civilization,Contact,History,Iran},
  file = {C\:\\Users\\parti\\Zotero\\storage\\M9BNUIBR\\Laufer - 1919 - Sino-Iranica Chinese Contributions to the History.djvu;C\:\\Users\\parti\\Zotero\\storage\\VP5IPSXI\\Laufer - 1919 - Sino-Iranica Chinese Contributions to the History.pdf}
}